@article{2011,
  doi = {10.3945/ajcn.110.009621},
  url = {https://doi.org/10.3945/ajcn.110.009621},
  year = {2011},
  month = jul,
  publisher = {Oxford University Press ({OUP})},
  volume = {94},
  number = {3},
  pages = {854--861},
  author = {V. S. Malik and Q. Sun and R. M. van Dam and E. B. Rimm and W. C. Willett and B. Rosner and F. B. Hu},
  title = {Adolescent dairy product consumption and risk of type 2 diabetes in middle-aged women}
}

@article{2019,
  doi = {10.2337/db19-1575-p},
  url = {https://doi.org/10.2337/db19-1575-p},
  year = {2019},
  month = jun,
  publisher = {American Diabetes Association},
  volume = {68},
  number = {Supplement 1},
  pages = {1575--P},
  author = {DERRICK ALPERET and KLODIAN DHANA and JORGE E. CHAVARRO and QI SUN},
  title = {1575-P: Influence of Adolescent and Maternal Coffee Consumption on Risk of Obesity and Type 2 Diabetes Mellitus in Middle-Aged Women and Their Offspring: Results from Two Prospective Cohort Studies in the United States}
}

@article{2012,
  doi = {10.1111/j.1753-4887.2012.00470.x},
  url = {https://doi.org/10.1111/j.1753-4887.2012.00470.x},
  year = {2012},
  month = mar,
  publisher = {Oxford University Press ({OUP})},
  volume = {70},
  number = {4},
  pages = {207--217},
  author = {Fausta Natella and Cristina Scaccini},
  title = {Role of coffee in modulation of diabetes risk}
}

@article{2004,
  doi = {10.1001/jama.291.10.1213},
  url = {https://doi.org/10.1001/jama.291.10.1213},
  year = {2004},
  month = mar,
  publisher = {American Medical Association ({AMA})},
  volume = {291},
  number = {10},
  pages = {1213},
  author = {Jaakko Tuomilehto},
  title = {Coffee Consumption and Risk of Type 2 Diabetes Mellitus Among Middle-aged Finnish Men and Women}
}

@article{2011,
  doi = {10.1111/j.1365-2362.2010.02455.x},
  url = {https://doi.org/10.1111/j.1365-2362.2010.02455.x},
  year = {2011},
  month = jan,
  publisher = {Wiley},
  volume = {41},
  number = {6},
  pages = {659--666},
  author = {Wen-Yuan Lin and F. Xaiver Pi-Sunyer and Ching-Chu Chen and Lance E. Davidson and Chiu-Shong Liu and Tsai-Chung Li and Mei-Fong Wu and Chia-Ing Li and Walter Chen and Cheng-Chieh Lin},
  title = {Coffee consumption is inversely associated with type 2 diabetes in Chinese}
}

@article{2008,
  doi = {10.1016/j.jpeds.2008.04.072},
  url = {https://doi.org/10.1016/j.jpeds.2008.04.072},
  year = {2008},
  month = nov,
  publisher = {Elsevier {BV}},
  volume = {153},
  number = {5},
  pages = {635--639.e1},
  author = {Catherine S. Berkey and Helaine R.H. Rockett and Graham A. Colditz},
  title = {Weight Gain in Older Adolescent Females: The Internet,  Sleep,  Coffee,  and Alcohol}
}

@article{2020,
  doi = {10.1016/j.diabres.2020.108078},
  url = {https://doi.org/10.1016/j.diabres.2020.108078},
  year = {2020},
  month = apr,
  publisher = {Elsevier {BV}},
  volume = {162},
  pages = {108078},
  author = {Alan Sinclair and Pouya Saeedi and Abha Kaundal and Suvi Karuranga and Belma Malanda and Rhys Williams},
  title = {Diabetes and global ageing among 65{\textendash}99-year-old adults: Findings from the International Diabetes Federation Diabetes Atlas,  9th edition}
}

@article{gilbert1984caffeine,
  title={Caffeine consumption. The Methylxanthine Beverages and Foods: Chemistry, Consumption, and Health Effects (Spiller GA ed) pp 185--213, Alan R. Liss},
  author={Gilbert, RM},
  journal={Inc., New York},
  year={1984}
}

@article{brockwell1991caffeine,
  title={Caffeine-induced place and taste conditioning: production of dose-dependent preference and aversion},
  author={Brockwell, Neil T and Eikelboom, Roelof and Beninger, Richard J},
  journal={Pharmacology Biochemistry and Behavior},
  volume={38},
  number={3},
  pages={513--517},
  year={1991},
  publisher={Elsevier}
}

@article{2017,
  doi = {10.1038/nrendo.2017.151},
  url = {https://doi.org/10.1038/nrendo.2017.151},
  year = {2017},
  month = dec,
  publisher = {Springer Science and Business Media {LLC}},
  volume = {14},
  number = {2},
  pages = {88--98},
  author = {Yan Zheng and Sylvia H. Ley and Frank B. Hu},
  title = {Global aetiology and epidemiology of type 2 diabetes mellitus and its complications}
}

@article{van2008coffee,
  title={Coffee consumption and risk of type 2 diabetes, cardiovascular diseases, and cancer},
  author={van Dam, Rob M},
  journal={Applied physiology, nutrition, and metabolism},
  volume={33},
  number={6},
  pages={1269--1283},
  year={2008}
}

@article{tuomilehto2004coffee,
  title={Coffee consumption and risk of type 2 diabetes mellitus among middle-aged Finnish men and women},
  author={Tuomilehto, Jaakko and Hu, Gang and Bidel, Siamak and Lindstr{\"o}m, Jaana and Jousilahti, Pekka},
  journal={Jama},
  volume={291},
  number={10},
  pages={1213--1219},
  year={2004},
  publisher={American Medical Association}
}

@article{van2005coffee,
  title={Coffee consumption and risk of type 2 diabetes: a systematic review},
  author={Van Dam, Rob M and Hu, Frank B},
  journal={Jama},
  volume={294},
  number={1},
  pages={97--104},
  year={2005},
  publisher={American Medical Association}
}

@article{heckman2010energy,
  title={Energy drinks: an assessment of their market size, consumer demographics, ingredient profile, functionality, and regulations in the United States},
  author={Heckman, MA and Sherry, Kendle and De Mejia, E Gonzalez},
  journal={Comprehensive Reviews in food science and food safety},
  volume={9},
  number={3},
  pages={303--317},
  year={2010},
  publisher={Wiley Online Library}
}

@article{seifert2011health,
  title={Health effects of energy drinks on children, adolescents, and young adults},
  author={Seifert, Sara M and Schaechter, Judith L and Hershorin, Eugene R and Lipshultz, Steven E},
  journal={Pediatrics},
  volume={127},
  number={3},
  pages={511--528},
  year={2011},
  publisher={Am Acad Pediatrics}
}
